%@ARTICLE{bowman:reasoning,
%	AUTHOR = "Mic Bowman and Saumya K. Debray and Larry L. Peterson",
%	TITLE = "Reasoning About Naming Systems",
%	JOURNAL = "ACM Trans. Program. Lang. Syst.",
%	VOLUME = {15},
%	NUMBER = {5},
%	PAGES = {795-825},
%	MONTH = "November",
%	YEAR = {1993}	}
%
%@ARTICLE{braams:babel,
%	AUTHOR = "Johannes Braams",
%	TITLE = "Babel, a Multilingual Style-Option System for Use with LaTeX's Standard Document Styles",
%	JOURNAL = {TUGboat},
%	VOLUME = {12},
%	NUMBER = {2},
%	PAGES = {291-301},
%	MONTH = "June",
%	YEAR = {1991}	}
%
%@INPROCEEDINGS{clark:pct,
%	AUTHOR = "Malcolm Clark",
%	TITLE = "Post Congress Tristesse",
%	BOOKTITLE = "TeX90 Conference Proceedings",
%	PAGES = "84-89",
%	ORGANIZATION = "TeX Users Group",
%	MONTH = "March",
%	YEAR = {1991}	}
%
%@ARTICLE{herlihy:methodology,
%	AUTHOR = "Maurice Herlihy",
%	TITLE = "A Methodology for Implementing Highly Concurrent
%	Data Objects",
%	JOURNAL = {ACM Trans. Program. Lang. Syst.},
%	VOLUME = {15},
%	NUMBER = {5},
%	PAGES = {745-770},
%	MONTH = "November",
%	YEAR = {1993}	}
%
%@BOOK{Lamport:LaTeX,
%	AUTHOR = "Leslie Lamport",
%	TITLE = "LaTeX User's Guide and Document Reference Manual",
%	PUBLISHER = "Addison-Wesley Publishing Company",
%	ADDRESS = "Reading, Massachusetts",
%	YEAR = "1986"	}
%
%@BOOK{salas:calculus,
%	AUTHOR = "S.L. Salas and Einar Hille",
%	TITLE = "Calculus: One and Several Variable",
%	PUBLISHER = "John Wiley and Sons",
%	ADDRESS = "New York",
%	YEAR = "1978"	}

@article{DBLP:journals/cacm/KishiN06,
  author    = {Tomoji Kishi and
               Natsuko Noda},
  title     = {Formal verification and software product lines},
  journal   = {Commun. ACM},
  volume    = {49},
  number    = {12},
  year      = {2006},
  pages     = {73-77},
  ee        = {http://doi.acm.org/10.1145/1183270},
  bibsource = {DBLP, http://dblp.uni-trier.de}
}

@inproceedings{DBLP:conf/icse/ApelRWGB13,
  author    = {Sven Apel and
               Alexander von Rhein and
               Philipp Wendler and
               Armin Gr{\"o}{\ss}linger and
               Dirk Beyer},
  title     = {Strategies for product-line verification: case studies and
               experiments},
  booktitle = {ICSE},
  year      = {2013},
  pages     = {482-491},
  ee        = {http://dl.acm.org/citation.cfm?id=2486852},
  crossref  = {DBLP:conf/icse/2013},
  bibsource = {DBLP, http://dblp.uni-trier.de}
}

@inproceedings{DBLP:conf/icse/ClassenHSLR10,
  author    = {Andreas Classen and
               Patrick Heymans and
               Pierre-Yves Schobbens and
               Axel Legay and
               Jean-Fran\c{c}ois Raskin},
  title     = {Model checking lots of systems: efficient verification of
               temporal properties in software product lines},
  booktitle = {ICSE (1)},
  year      = {2010},
  pages     = {335-344},
  ee        = {http://doi.acm.org/10.1145/1806799.1806850},
  crossref  = {DBLP:conf/icse/2010-1},
  bibsource = {DBLP, http://dblp.uni-trier.de}
}

@inproceedings{DBLP:conf/icse/ClassenHSL11,
  author    = {Andreas Classen and
               Patrick Heymans and
               Pierre-Yves Schobbens and
               Axel Legay},
  title     = {Symbolic model checking of software product lines},
  booktitle = {ICSE},
  year      = {2011},
  pages     = {321-330},
  ee        = {http://doi.acm.org/10.1145/1985793.1985838},
  crossref  = {DBLP:conf/icse/2011},
  bibsource = {DBLP, http://dblp.uni-trier.de}
}

@inproceedings{DBLP:conf/icse/CordyCPSHL12,
  author    = {Maxime Cordy and
               Andreas Classen and
               Gilles Perrouin and
               Pierre-Yves Schobbens and
               Patrick Heymans and
               Axel Legay},
  title     = {Simulation-based abstractions for software product-line
               model checking},
  booktitle = {ICSE},
  year      = {2012},
  pages     = {672-682},
  ee        = {http://dx.doi.org/10.1109/ICSE.2012.6227150},
  crossref  = {DBLP:conf/icse/2012},
  bibsource = {DBLP, http://dblp.uni-trier.de}
}

@inproceedings{DBLP:conf/icse/CordySHL13,
  author    = {Maxime Cordy and
               Pierre-Yves Schobbens and
               Patrick Heymans and
               Axel Legay},
  title     = {Beyond boolean product-line model checking: dealing with
               feature attributes and multi-features},
  booktitle = {ICSE},
  year      = {2013},
  pages     = {472-481},
  ee        = {http://dl.acm.org/citation.cfm?id=2486851},
  crossref  = {DBLP:conf/icse/2013},
  bibsource = {DBLP, http://dblp.uni-trier.de}
}

@article{DBLP:journals/computer/LeeKR12,
  author    = {Jaejoon Lee and
               Gerald Kotonya and
               Daniel Robinson},
  title     = {Engineering Service-Based Dynamic Software Product Lines},
  journal   = {IEEE Computer},
  volume    = {45},
  number    = {10},
  year      = {2012},
  pages     = {49-55},
  ee        = {http://doi.ieeecomputersociety.org/10.1109/MC.2012.284},
  bibsource = {DBLP, http://dblp.uni-trier.de}
}

@INPROCEEDINGS{SchmidRummler12,
author = {Klaus Schmid and Andreas Rummler},
title = {Cloud-based Software Product Lines},
booktitle = {Proceedings of the 2nd International Workshop on Services, Clouds,
and Alternative Design Strategies for Variant-Rich Software Systems
(SCArVeS 2012) at the 16th International Software Product Line
Conference (SPLC 鈥�12)},
pages = {164--170},
year = {2012},
volume = {2},
publisher = {ACM},
doi = {10.1145/2364412.2364440}
}

@article{DBLP:journals/software/LeeK10,
  author    = {Jaejoon Lee and
               Gerald Kotonya},
  title     = {Combining Service-Orientation with Product Line Engineering},
  journal   = {IEEE Software},
  volume    = {27},
  number    = {3},
  year      = {2010},
  pages     = {35-41},
  ee        = {http://doi.ieeecomputersociety.org/10.1109/MS.2010.30},
  bibsource = {DBLP, http://dblp.uni-trier.de}
}

@inproceedings{DBLP:conf/icse/TanA00DC13,
  author    = {Tian Huat Tan and
               {\'E}tienne Andr{\'e} and
               Jun Sun and
               Yang Liu and
               Jin Song Dong and
               Manman Chen},
  title     = {Dynamic synthesis of local time requirement for service
               composition},
  booktitle = {ICSE},
  year      = {2013},
  pages     = {542-551},
  ee        = {http://dl.acm.org/citation.cfm?id=2486860},
  crossref  = {DBLP:conf/icse/2013},
  bibsource = {DBLP, http://dblp.uni-trier.de}
}

@book{DBLP:books/daglib/0010411,
  author    = {Krzysztof Czarnecki and Ulrich W. Eisenecker},
  title     = {Generative programming - methods, tools and applications},
  publisher = {Addison-Wesley},
  year      = {2000},
  isbn      = {978-0-201-30977-5},
  pages     = {I-XXVI, 1-832},
  ee        = {http://www.addison-wesley.de/main/main.asp?page=englisch/bookdetails{\&}productid=99258},
  bibsource = {DBLP, http://dblp.uni-trier.de}
}

@inproceedings{DBLP:dblp_conf/splc/MendoncaWC09,
   author              = {Marc铆lio Mendon莽a and
                          Andrzej Wasowski and
                          Krzysztof Czarnecki},
   title               = {SAT-based analysis of feature models is easy.},
   booktitle           = {SPLC},
   year                = {2009},
   pages               = {231-240}
}
@inproceedings{DBLP:dblp_conf/kbse/PohlLP11,
   author              = {Richard Pohl and
                          Kim Lauenroth and
                          Klaus Pohl},
   title               = {A performance comparison of contemporary algorithmic approaches for automated analysis operations on feature models.},
   booktitle           = {ASE},
   year                = {2011},
   pages               = {313-322},
   ee                  = {http://dx.doi.org/10.1109/ASE.2011.6100068},
   crossref            = {2011},
}




@article{DBLP:journals/sopr/CzarneckiHE05,
  author    = {Krzysztof Czarnecki and
               Simon Helsen and
               Ulrich W. Eisenecker},
  title     = {Formalizing cardinality-based feature models and their specialization},
  journal   = {Software Process: Improvement and Practice},
  volume    = {10},
  number    = {1},
  year      = {2005},
  pages     = {7-29},
  ee        = {http://dx.doi.org/10.1002/spip.213},
  bibsource = {DBLP, http://dblp.uni-trier.de}
}

@article{DBLP:journals/infsof/HarmanJ01,
  author    = {Mark Harman and
               Bryan F. Jones},
  title     = {Search-based software engineering},
  journal   = {Information {\&} Software Technology},
  volume    = {43},
  number    = {14},
  year      = {2001},
  pages     = {833-839},
  ee        = {http://dx.doi.org/10.1016/S0950-5849(01)00189-6},
  bibsource = {DBLP, http://dblp.uni-trier.de}
}

@inproceedings{DBLP:conf/kbse/BergerSLWC10,
  author    = {Thorsten Berger and
               Steven She and
               Rafael Lotufo and
               Andrzej Wasowski and
               Krzysztof Czarnecki},
  title     = {Variability modeling in the real: a perspective from the
               operating systems domain},
  booktitle = {ASE},
  year      = {2010},
  pages     = {73-82},
  ee        = {http://doi.acm.org/10.1145/1858996.1859010},
  crossref  = {DBLP:conf/kbse/2010},
  bibsource = {DBLP, http://dblp.uni-trier.de}
}
@proceedings{DBLP:conf/kbse/2010,
  editor    = {Charles Pecheur and
               Jamie Andrews and
               Elisabetta Di Nitto},
  title     = {ASE 2010, 25th IEEE/ACM International Conference on Automated
               Software Engineering,  Antwerp, Belgium, September 20-24,
               2010},
  booktitle = {ASE},
  publisher = {ACM},
  year      = {2010},
  isbn      = {978-1-4503-0116-9},
  bibsource = {DBLP, http://dblp.uni-trier.de}
}

@inproceedings{DBLP:conf/tacas/MouraB08,
  author    = {Leonardo Mendon\c{c}a de Moura and
               Nikolaj Bj\o{}rner},
  title     = {{Z3:} An Efficient {SMT} Solver},
  booktitle = {TACAS},
  year      = {2008},
  pages     = {337--340},
}
@inproceedings{DBLP:dblp_conf/kbse/SayyadIMA13,
   author              = {Abdel Salam Sayyad and
                          Joseph Ingram and
                          Tim Menzies and
                          Hany Ammar},
   title               = {Scalable product line configuration: A straw to break the camel's back.},
   booktitle           = {ASE},
   year                = {2013},
}

@book{abraham2005evolutionary,
  title={Evolutionary multiobjective optimization},
  author={Abraham, Ajith and Jain, Lakhmi},
  year={2005},
  publisher={Springer}
}

@inproceedings{DBLP:conf/ppsn/ZitzlerK04,
  author    = {Eckart Zitzler and
               Simon K{\"u}nzli},
  title     = {Indicator-Based Selection in Multiobjective Search},
  booktitle = {PPSN},
  year      = {2004},
  pages     = {832-842},
  ee        = {http://dx.doi.org/10.1007/978-3-540-30217-9_84},
  crossref  = {DBLP:conf/ppsn/2004},
  bibsource = {DBLP, http://dblp.uni-trier.de}
}

@article{DBLP:journals/aes/DurilloN11,
  author    = {Juan Jos{\'e} Durillo and
               Antonio J. Nebro},
  title     = {jMetal: A Java framework for multi-objective optimization},
  journal   = {Advances in Engineering Software},
  volume    = {42},
  number    = {10},
  year      = {2011},
  pages     = {760-771},
  ee        = {http://dx.doi.org/10.1016/j.advengsoft.2011.05.014},
  bibsource = {DBLP, http://dblp.uni-trier.de}
}

@inproceedings{DBLP:conf/gecco/IshibuchiTSN10,
  author    = {Hisao Ishibuchi and
               Noritaka Tsukamoto and
               Yuji Sakane and
               Yusuke Nojima},
  title     = {Indicator-based evolutionary algorithm with hypervolume
               approximation by achievement scalarizing functions},
  booktitle = {GECCO},
  year      = {2010},
  pages     = {527-534},
  ee        = {http://doi.acm.org/10.1145/1830483.1830578},
  crossref  = {DBLP:conf/gecco/2010},
  bibsource = {DBLP, http://dblp.uni-trier.de}
}

@inproceedings{DBLP:conf/oopsla/PachecoE07,
  author    = {Carlos Pacheco and
               Michael D. Ernst},
  title     = {Randoop: feedback-directed random testing for Java},
  booktitle = {OOPSLA Companion},
  year      = {2007},
  pages     = {815-816},
  ee        = {http://doi.acm.org/10.1145/1297846.1297902},
  crossref  = {DBLP:conf/oopsla/2007c},
  bibsource = {DBLP, http://dblp.uni-trier.de}
}

@inproceedings{DBLP:conf/cav/ClarkeGJLV00,
  author    = {Edmund M. Clarke and
               Orna Grumberg and
               Somesh Jha and
               Yuan Lu and
               Helmut Veith},
  title     = {Counterexample-Guided Abstraction Refinement},
  booktitle = {CAV},
  year      = {2000},
  pages     = {154-169},
  ee        = {http://dx.doi.org/10.1007/10722167_15},
  crossref  = {DBLP:conf/cav/2000},
  bibsource = {DBLP, http://dblp.uni-trier.de}
}

@article{DBLP:journals/iee/ClarkeDHHJLMMRRS03,
  author    = {John A. Clark and
               Jos{\'e} Javier Dolado and
               Mark Harman and
               Robert M. Hierons and
               Bryan F. Jones and
               M. Lumkin and
               Brian S. Mitchell and
               Spiros Mancoridis and
               K. Rees and
               Marc Roper and
               Martin J. Shepperd},
  title     = {Formulating software engineering as a search problem},
  journal   = {IEE Proceedings - Software},
  volume    = {150},
  number    = {3},
  year      = {2003},
  pages     = {161-175},
  bibsource = {DBLP, http://dblp.uni-trier.de}
}

@inproceedings{DBLP:conf/icse/SayyadMA13,
  author    = {Abdel Salam Sayyad and
               Tim Menzies and
               Hany Ammar},
  title     = {On the value of user preferences in search-based software
               engineering: a case study in software product lines},
  booktitle = {ICSE},
  year      = {2013},
  pages     = {492-501},
  ee        = {http://dl.acm.org/citation.cfm?id=2486853},
  crossref  = {DBLP:conf/icse/2013},
  bibsource = {DBLP, http://dblp.uni-trier.de}
}

@article{DBLP:journals/jss/GuoWWLW11,
  author    = {Jianmei Guo and
               Jules White and
               Guangxin Wang and
               Jian Li and
               Yinglin Wang},
  title     = {A genetic algorithm for optimized feature selection with
               resource constraints in software product lines},
  journal   = {Journal of Systems and Software},
  volume    = {84},
  number    = {12},
  year      = {2011},
  pages     = {2208-2221},
  ee        = {http://dx.doi.org/10.1016/j.jss.2011.06.026},
  bibsource = {DBLP, http://dblp.uni-trier.de}
}

@book{Clements01,
    author = {Clements, Paul and Northrop, Linda},
    day = {30},
    edition = {3rd},
    howpublished = {Hardcover},
    isbn = {0201703327},
    keywords = {books, patterns, product\_lines, software\_architecture, software\_engineering},
    month = aug,
    posted-at = {2012-03-11 13:33:22},
    priority = {2},
    publisher = {Addison-Wesley Professional},
    title = {{Software Product Lines: Practices and Patterns}},
    url = {http://www.amazon.com/exec/obidos/redirect?tag=citeulike07-20\&path=ASIN/0201703327},
    year = {2001}
}

@book{DBLP:books/daglib/0087788,
  author    = {Ivar Jacobson and
               Martin L. Griss and
               Patrik Jonsson},
  title     = {Software reuse - architecture, process and organization
               for business},
  publisher = {Addison-Wesley-Longman},
  year      = {1997},
  isbn      = {978-0-201-92476-3},
  pages     = {I-XXVIII, 1-497},
  bibsource = {DBLP, http://dblp.uni-trier.de}
}

@Misc{S.P.L.O.T,
  key = 	 {Software Product Line Online Tools},
  author = 	 {Software Product Line Online Tools},
  note = 	 {http://www.splot-research.org/}
}

@inproceedings{DBLP:conf/wcre/XueXJ10,
  author    = {Yinxing Xue and
               Zhenchang Xing and
               Stan Jarzabek},
  title     = {Understanding Feature Evolution in a Family of Product Variants},
  booktitle = {WCRE},
  year      = {2010},
  pages     = {109-118},
  ee        = {http://dx.doi.org/10.1109/WCRE.2010.20},
  crossref  = {DBLP:conf/wcre/2010},
  bibsource = {DBLP, http://dblp.uni-trier.de}
}

@inproceedings{DBLP:conf/wcre/XueXJ12,
  author    = {Yinxing Xue and
               Zhenchang Xing and
               Stan Jarzabek},
  title     = {Feature Location in a Collection of Product Variants},
  booktitle = {WCRE},
  year      = {2012},
  pages     = {145-154},
  ee        = {http://doi.ieeecomputersociety.org/10.1109/WCRE.2012.24},
  crossref  = {DBLP:conf/wcre/2012},
  bibsource = {DBLP, http://dblp.uni-trier.de}
}

@inproceedings{DBLP:conf/splc/SinceroS08,
  author    = {Julio Sincero and
               Wolfgang Schr{\"o}der-Preikschat},
  title     = {The Linux Kernel Configurator as a Feature Modeling Tool},
  booktitle = {SPLC (2)},
  year      = {2008},
  pages     = {257-260},
  crossref  = {DBLP:conf/splc/2008w},
  bibsource = {DBLP, http://dblp.uni-trier.de}
}

@inproceedings{DBLP:conf/pfe/MannionC03,
  author    = {Mike Mannion and
               Javier C{\'a}mara},
  title     = {Theorem Proving for Product Line Model Verification},
  booktitle = {PFE},
  year      = {2003},
  pages     = {211-224},
  ee        = {http://dx.doi.org/10.1007/978-3-540-24667-1_16},
  crossref  = {DBLP:conf/pfe/2003},
  bibsource = {DBLP, http://dblp.uni-trier.de}
}

@article{DBLP:journals/ws/WangLSZP07,
  author    = {Hai H. Wang and
               Yuan-Fang Li and
               Jing Sun and
               Hongyu Zhang and
               Jeff Z. Pan},
  title     = {Verifying feature models using OWL},
  journal   = {J. Web Sem.},
  volume    = {5},
  number    = {2},
  year      = {2007},
  pages     = {117-129},
  ee        = {http://dx.doi.org/10.1016/j.websem.2006.11.006},
  bibsource = {DBLP, http://dblp.uni-trier.de}
}

@inproceedings{DBLP:conf/caise/BenavidesTC05,
  author    = {David Benavides and
               Pablo Trinidad Mart\'{\i}n-Arroyo and
               Antonio Ruiz Cort{\'e}s},
  title     = {Automated Reasoning on Feature Models},
  booktitle = {CAiSE},
  year      = {2005},
  pages     = {491-503},
  ee        = {http://dx.doi.org/10.1007/11431855_34},
  crossref  = {DBLP:conf/caise/2005},
  bibsource = {DBLP, http://dblp.uni-trier.de}
}

@techreport{tr:foda,
    author    = {Kyo C. Kang and
                 Sholom G. Cohen and
                 James A. Hess and
                 William E. Novak and
                 A. Spencer Peterson},
    title     = {Feature-Oriented Domain Analysis (FODA) Feasibility Study},
    institution = {Carnegie Mellon University},
    number   = {CMU/SEI-90-TR-21},
    year      = {1990},
    month    = {November},
}

@inproceedings{DBLP:conf/icsr/WebberG02,
  author    = {Diana L. Webber and
               Hassan Gomaa},
  title     = {Modeling Variability with the Variation Point Model},
  booktitle = {ICSR},
  year      = {2002},
  pages     = {109-122},
  ee        = {http://dx.doi.org/10.1007/3-540-46020-9_8},
  crossref  = {DBLP:conf/icsr/2002},
  bibsource = {DBLP, http://dblp.uni-trier.de}
}
@inproceedings{DBLP:conf/icse/PachecoLEB07,
  author    = {Carlos Pacheco and
               Shuvendu K. Lahiri and
               Michael D. Ernst and
               Thomas Ball},
  title     = {Feedback-Directed Random Test Generation},
  booktitle = {ICSE},
  year      = {2007},
  pages     = {75-84},
  ee        = {http://doi.ieeecomputersociety.org/10.1109/ICSE.2007.37},
  crossref  = {DBLP:conf/icse/2007},
  bibsource = {DBLP, http://dblp.uni-trier.de}
}
@proceedings{DBLP:conf/icse/2007,
  title     = {29th International Conference on Software Engineering (ICSE
               2007), Minneapolis, MN, USA, May 20-26, 2007},
  booktitle = {ICSE},
  publisher = {IEEE Computer Society},
  year      = {2007},
  bibsource = {DBLP, http://dblp.uni-trier.de}
}

@inproceedings{DBLP:conf/icse/JarzabekZLXS09,
  author    = {Stan Jarzabek and
               Hongyu Zhang and
               Youpeng Lee and
               Yinxing Xue and
               Naveed Shaikh},
  title     = {Increasing usability of preprocessing for feature management
               in product lines with queries},
  booktitle = {ICSE Companion},
  year      = {2009},
  pages     = {215-218},
  ee        = {http://dx.doi.org/10.1109/ICSE-COMPANION.2009.5070985},
  crossref  = {DBLP:conf/icse/2009c},
  bibsource = {DBLP, http://dblp.uni-trier.de}
}

@inproceedings{DBLP:conf/icse/ThumBK09,
  author    = {Thomas Th{\"u}m and
               Don S. Batory and
               Christian K{\"a}stner},
  title     = {Reasoning about edits to feature models},
  booktitle = {ICSE},
  year      = {2009},
  pages     = {254-264},
  ee        = {http://dx.doi.org/10.1109/ICSE.2009.5070526},
  crossref  = {DBLP:conf/icse/2009},
  bibsource = {DBLP, http://dblp.uni-trier.de}
}

@inproceedings{DBLP:conf/fsen/SabouriK11,
  author    = {Hamideh Sabouri and
               Ramtin Khosravi},
  title     = {Efficient Verification of Evolving Software Product Lines},
  booktitle = {FSEN},
  year      = {2011},
  pages     = {351-358},
  ee        = {http://dx.doi.org/10.1007/978-3-642-29320-7_24},
  crossref  = {DBLP:conf/fsen/2011},
  bibsource = {DBLP, http://dblp.uni-trier.de}
}

@article{DBLP:journals/fmsd/ChakiCSS08,
  author    = {Sagar Chaki and
               Edmund M. Clarke and
               Natasha Sharygina and
               Nishant Sinha},
  title     = {Verification of evolving software via component substitutability
               analysis},
  journal   = {Formal Methods in System Design},
  volume    = {32},
  number    = {3},
  year      = {2008},
  pages     = {235-266},
  ee        = {http://dx.doi.org/10.1007/s10703-008-0053-x},
  bibsource = {DBLP, http://dblp.uni-trier.de}
}

@article{DBLP:journals/jss/WhiteDS09,
  author    = {Jules White and
               Brian Dougherty and
               Douglas C. Schmidt},
  title     = {Selecting highly optimal architectural feature sets with
               Filtered Cartesian Flattening},
  journal   = {Journal of Systems and Software},
  volume    = {82},
  number    = {8},
  year      = {2009},
  pages     = {1268-1284},
  ee        = {http://dx.doi.org/10.1016/j.jss.2009.02.011},
  bibsource = {DBLP, http://dblp.uni-trier.de}
}

@inproceedings{DBLP:conf/ppsn/ZitzlerK04,
  author    = {Eckart Zitzler and
               Simon K{\"u}nzli},
  title     = {Indicator-Based Selection in Multiobjective Search},
  booktitle = {PPSN},
  year      = {2004},
  pages     = {832-842},
  ee        = {http://dx.doi.org/10.1007/978-3-540-30217-9_84},
  crossref  = {DBLP:conf/ppsn/2004},
  bibsource = {DBLP, http://dblp.uni-trier.de}
}

@article{DBLP:journals/tec/BradstreetWB08,
   author    = {Kalyanmoy Deb and
               Samir Agrawal and
               Amrit Pratap and
               T. Meyarivan},
  title     = {A fast and elitist multiobjective genetic algorithm: NSGA-{II}},
  journal   = {IEEE Trans. Evolutionary Computation},
  volume    = {6},
  number    = {2},
  year      = {2002},
  pages     = {182-197},
  ee        = {http://dx.doi.org/10.1109/4235.996017},
  bibsource = {DBLP, http://dblp.uni-trier.de}
}

@inproceedings{coello2004applications,
  author    = {Juan Jos{\'e} Durillo and
               Antonio J. Nebro and
               Francisco Luna and
               Enrique Alba},
  title     = {On the Effect of the Steady-State Selection Scheme in Multi-Objective
               Genetic Algorithms},
  booktitle = {EMO},
  year      = {2009},
  pages     = {183-197},
  ee        = {http://dx.doi.org/10.1007/978-3-642-01020-0_18},
  crossref  = {DBLP:conf/emo/2009},
  bibsource = {DBLP, http://dblp.uni-trier.de}
}

@inproceedings{deb2001multi,
  author    = {Hamidreza Eskandari and
               Christopher D. Geiger and
               Gary B. Lamont},
  title     = {Fast{PGA}: A Dynamic Population Sizing Approach for Solving
               Expensive Multiobjective Optimization Problems},
  booktitle = {EMO},
  year      = {2006},
  pages     = {141-155},
  ee        = {http://dx.doi.org/10.1007/978-3-540-70928-2_14},
  crossref  = {DBLP:conf/emo/2006},
  bibsource = {DBLP, http://dblp.uni-trier.de}
}

@article{miettinen1999nonlinear,
author    = {Antonio Jos{\'e} Nebro and
               Juan Jos{\'e} Durillo and
               Francisco Luna and
               Bernab{\'e} Dorronsoro and
               Enrique Alba},
  title     = {MOCell: A cellular genetic algorithm for multiobjective
               optimization},
  journal   = {Int. J. Intell. Syst.},
  volume    = {24},
  number    = {7},
  year      = {2009},
  pages     = {726-746},
  ee        = {http://dx.doi.org/10.1002/int.20358},
  bibsource = {DBLP, http://dblp.uni-trier.de}
}

@article{DBLP:journals/tec/ZitzlerT991,
  author    = {Eckart Zitzler and
               Lothar Thiele},
  title     = {Multiobjective evolutionary algorithms: a comparative case
               study and the strength Pareto approach},
  journal   = {IEEE Trans. Evolutionary Computation},
  volume    = {3},
  number    = {4},
  year      = {1999},
  pages     = {257-271},
  ee        = {http://dx.doi.org/10.1109/4235.797969},
  bibsource = {DBLP, http://dblp.uni-trier.de}
}

@inproceedings{DBLP:conf/oopsla/MendoncaBC091,
  author    = {Marc\'{\i}lio Mendon\c{c}a and
               Moises Branco and
               Donald D. Cowan},
  title     = {{S.P.L.O.T.: software product lines online tools}},
  booktitle = {OOPSLA Companion},
  year      = {2009},
  pages     = {761-762},
  ee        = {http://doi.acm.org/10.1145/1639950.1640002},
  crossref  = {DBLP:conf/oopsla/2009c},
  bibsource = {DBLP, http://dblp.uni-trier.de}
}

@inproceedings{DBLP:conf/kbse/PohlSP13,
  author    = {Richard Pohl and
               Vanessa Stricker and
               Klaus Pohl},
  title     = {Measuring the structural complexity of feature models},
  booktitle = {ASE},
  year      = {2013},
  pages     = {454-464},
  ee        = {http://dx.doi.org/10.1109/ASE.2013.6693103},
  crossref  = {DBLP:conf/kbse/2013},
  bibsource = {DBLP, http://dblp.uni-trier.de}
}

@inproceedings{DBLP:conf/sac/MendoncaBC08,
  author    = {Marc\'{\i}lio Mendon\c{c}a and
               Thiago T. Bartolomei and
               Donald D. Cowan},
  title     = {Decision-making coordination in collaborative product configuration},
  booktitle = {SAC},
  year      = {2008},
  pages     = {108-113},
  ee        = {http://doi.acm.org/10.1145/1363686.1363715},
  crossref  = {DBLP:conf/sac/2008},
  bibsource = {DBLP, http://dblp.uni-trier.de}
}

@article{DBLP:journals/infsof/HarmanJ01,
  author    = {Mark Harman and
               Bryan F. Jones},
  title     = {Search-based software engineering},
  journal   = {Information and Software Technology},
  volume    = {43},
  number    = {14},
  year      = {2001},
  pages     = {833-839},
  ee        = {http://dx.doi.org/10.1016/S0950-5849(01)00189-6},
  bibsource = {DBLP, http://dblp.uni-trier.de}
}

@techreport{tr:sesw,
    author    = {Mark Harman and
                 S. Afshin Mansouri and
                 Yuanyuan Zhang},
    title    = {Search Based Software Engineering: A Comprehensive Analysis and Review of Trends Techniques and Applications},
    institution = {King\rq{}s College},
    number   = {TR-09-03},
    address  = {London, UK},
    year     = {2009},
}

@inproceedings{conf/raise/SabouriK11,
  author    = {Abdel Salam Sayyad and
               Hany Ammar},
  title     = {Pareto-optimal search-based software engineering (POSBSE): A literature survey},
  booktitle = {RAISE},
  year      = {2013},
  pages     = {21-27},
}

@inproceedings{DBLP:conf/icse/Harman07,
  author    = {Mark Harman},
  title     = {The Current State and Future of Search Based Software Engineering},
  booktitle = {FOSE},
  year      = {2007},
  pages     = {342-357},
  ee        = {http://doi.acm.org/10.1145/1253532.1254729},
  crossref  = {DBLP:conf/icse/2007fose},
  bibsource = {DBLP, http://dblp.uni-trier.de}
}

@article{DBLP:journals/tse/BowmanBL10,
  author    = {Michael Bowman and
               Lionel C. Briand and
               Yvan Labiche},
  title     = {Solving the Class Responsibility Assignment Problem in Object-Oriented
               Analysis with Multi-Objective Genetic Algorithms},
  journal   = {IEEE Trans. Software Eng.},
  volume    = {36},
  number    = {6},
  year      = {2010},
  pages     = {817-837},
  ee        = {http://doi.ieeecomputersociety.org/10.1109/TSE.2010.70},
  bibsource = {DBLP, http://dblp.uni-trier.de}
}

@article{DBLP:journals/tsmc/SrinivasP94,
  author    = {M. Srinivas and
               Lalit M. Patnaik},
  title     = {Adaptive probabilities of crossover and mutation in genetic
               algorithms},
  journal   = {IEEE Transactions on Systems, Man, and Cybernetics},
  volume    = {24},
  number    = {4},
  year      = {1994},
  pages     = {656-667},
  ee        = {http://dx.doi.org/10.1109/21.286385},
  bibsource = {DBLP, http://dblp.uni-trier.de}
}

@inproceedings{conf/cmsbse/SayyadMA13,
  author    = {Abdel Salam Sayyad and
               Joseph Ingram and
               Tim Menzies and
               Hany Ammar},
  title     = {Optimum Feature Selection in Software Product Lines: Let Your Model and ValuesGuide Your Search},
  booktitle = {CMSBSE},
  year      = {2013},
  pages     = {22-27},
}

@TECHREPORT{thTechnireport10,
  author    = {Thorsten Berger and
               Steven She and
               Rafael Lotufo and
                Andrzej Wasowski and
               Krzysztof Czarnecki },
  title     = {Feature-to-Code Mapping in Two Large Product Lines},
institution = {University of Waterloo},
  year      = {2010},
   URL   =         {http://gsd.uwaterloo.ca/sites/default/files/2010-TR-presence_conditions.pdf}
}

@inproceedings{DBLP:conf/kbse/BergerSLWC10,
  author    = {Thorsten Berger and
               Steven She and
               Rafael Lotufo and
               Andrzej Wasowski and
               Krzysztof Czarnecki},
  title     = {Variability modeling in the real: a perspective from the
               operating systems domain},
  booktitle = {ASE},
  year      = {2010},
  pages     = {73-82},
  ee        = {http://doi.acm.org/10.1145/1858996.1859010},
  crossref  = {DBLP:conf/kbse/2010},
  bibsource = {DBLP, http://dblp.uni-trier.de}
}

@TECHREPORT{Berger12variabilitymodeling,
    author = {Thorsten Berger and Steven She and Rafael Lotufo and Krzysztof Czarnecki and Thorsten Berger and Steven She and Rafael Lotufo and Andrzej Wasowski and Krzysztof Czarnecki},
    title = {Variability Modeling in the Systems Software Domain},
    institution = {University of Waterloo},
    year = {2012},
      urll ={http://gsd.uwaterloo.ca/sites/default/files/vm-2012-berger.pdf}
}
@inproceedings{DBLP:dblp_conf/icse/ArcuriB11,
   author              = {Andrea Arcuri and
                          Lionel C. Briand},
   title               = {A practical guide for using statistical tests to assess randomized algorithms in software engineering.},
   booktitle           = {ICSE},
   year                = {2011},
   pages               = {1-10},
   ee                  = {http://doi.acm.org/10.1145/1985793.1985795},
   crossref            = {2011},
}



@inproceedings{DBLP:conf/icse/SheLBWC11,
  author    = {Steven She and
               Rafael Lotufo and
               Thorsten Berger and
               Andrzej Wasowski and
               Krzysztof Czarnecki},
  title     = {Reverse engineering feature models},
  booktitle = {ICSE},
  year      = {2011},
  pages     = {461-470},
  ee        = {http://doi.acm.org/10.1145/1985793.1985856},
  crossref  = {DBLP:conf/icse/2011},
  bibsource = {DBLP, http://dblp.uni-trier.de}
}

@others{LVAT,
  title={{Linux Variability Analysis Tools (LVAT) Repository}},
  note={https://code.google.com/p/linux-variability-analysis-tools/source/browse/?repo=formulas}
}

@others{SAT4J,
  title={{SAT4J -- The boolean satisfaction and optimization library in Java}},
  note={http://www.sat4j.org/}
}

@conference {parallelEA,
	title = {Scaling Exact Multi-Objective Combinatorial Optimization by Parallelization},
	booktitle = {ASE},
	year = {2014},
	author = {Guo, Jianmei and Edward  Zulkoski and Rafael Olaechea and Derek Rayside and Krzysztof Czarnecki and Apel, Sven and Atlee, Joanne M.}
}


@inproceedings{DBLP:dblp_conf/pfe/BoschFGKOP01,
   author              = {Jan Bosch and
                          Gert Florijn and
                          Danny Greefhorst and
                          Juha Kuusela and
                          J. Henk Obbink and
                          Klaus Pohl},
   title               = {Variability Issues in Software Product Lines.},
   booktitle           = {PFE},
   year                = {2001},
}

@inproceedings{DBLP:conf/vamos/NohrerE10,
  author    = {Alexander N{\"{o}}hrer and
               Alexander Egyed},
  title     = {Conflict Resolution Strategies During Product Configuration},
  booktitle = {Fourth International Workshop on Variability Modelling of Software-Intensive
               Systems, Linz, Austria, January 27-29, 2010. Proceedings},
  pages     = {107--114},
  year      = {2010},
  crossref  = {DBLP:conf/vamos/2010},
  url       = {http://www.vamos-workshop.net/proceedings/VaMoS_2010_Proceedings.pdf},
  timestamp = {Mon, 14 Jun 2010 07:25:24 +0200},
  biburl    = {http://dblp.uni-trier.de/rec/bib/conf/vamos/NohrerE10},
  bibsource = {dblp computer science bibliography, http://dblp.org}
}


@inproceedings{DBLP:conf/www/TanCA0LD14,
  author    = {Tian Huat Tan and
               Manman Chen and
               {\'{E}}tienne Andr{\'{e}} and
               Jun Sun and
               Yang Liu and
               Jin Song Dong},
  title     = {Automated runtime recovery for QoS-based service composition},
  booktitle = {WWW},
  pages     = {563--574},
  year      = {2014},
  crossref  = {DBLP:conf/www/2014},
  url       = {http://doi.acm.org/10.1145/2566486.2568048},
  doi       = {10.1145/2566486.2568048},
  timestamp = {Tue, 09 Sep 2014 18:51:38 +0200},
  biburl    = {http://dblp.uni-trier.de/rec/bib/conf/www/TanCA0LD14},
  bibsource = {dblp computer science bibliography, http://dblp.org}
}


@inproceedings{DBLP:conf/fm/LiTC14,
  author    = {Yi Li and
               Tian Huat Tan and
               Marsha Chechik},
  title     = {Management of Time Requirements in Component-Based Systems},
  booktitle = {{FM}},
  pages     = {399--415},
  year      = {2014},
  crossref  = {DBLP:conf/fm/2014},
  url       = {http://dx.doi.org/10.1007/978-3-319-06410-9_28},
  %doi       = {10.1007/978-3-319-06410-9_28},
  timestamp = {Wed, 14 May 2014 21:14:55 +0200},
  biburl    = {http://dblp.uni-trier.de/rec/bib/conf/fm/LiTC14},
  bibsource = {dblp computer science bibliography, http://dblp.org}
}

@inproceedings{DBLP:conf/icse/TanA00DC13,
  author    = {Tian Huat Tan and
               {\'{E}}tienne Andr{\'{e}} and
               Jun Sun and
               Yang Liu and
               Jin Song Dong and
               Manman Chen},
  title     = {Dynamic synthesis of local time requirement for service composition},
  booktitle = {35th International Conference on Software Engineering, {ICSE} '13,
               San Francisco, CA, USA, May 18-26, 2013},
  pages     = {542--551},
  year      = {2013},
  crossref  = {DBLP:conf/icse/2013},
  url       = {http://dl.acm.org/citation.cfm?id=2486860},
  timestamp = {Tue, 21 May 2013 09:47:28 +0200},
  biburl    = {http://dblp.uni-trier.de/rec/bib/conf/icse/TanA00DC13},
  bibsource = {dblp computer science bibliography, http://dblp.org}
}

@inproceedings{DBLP:conf/issta/TanXCSLD15,
  author    = {Tian Huat Tan and
               Yinxing Xue and
               Manman Chen and
               Jun Sun and
               Yang Liu and
               Jin Song Dong},
  title     = {Optimizing selection of competing features via feedback-directed evolutionary
               algorithms},
  booktitle = {Proceedings of the 2015 International Symposium on Software Testing
               and Analysis, {ISSTA} 2015, Baltimore, MD, USA, July 12-17, 2015},
  pages     = {246--256},
  year      = {2015},
  crossref  = {DBLP:conf/issta/2015},
  url       = {http://doi.acm.org/10.1145/2771783.2771808},
  doi       = {10.1145/2771783.2771808},
  timestamp = {Mon, 09 Nov 2015 19:08:05 +0100},
  biburl    = {http://dblp.uni-trier.de/rec/bib/conf/issta/TanXCSLD15},
  bibsource = {dblp computer science bibliography, http://dblp.org}
}

@inproceedings{DBLP:conf/splc/HarmanJKLPZ14,
  author    = {Mark Harman and
               Yue Jia and
               Jens Krinke and
               William B. Langdon and
               Justyna Petke and
               Y. Zhang},
  title     = {Search based software engineering for software product line engineering:
               a survey and directions for future work},
  booktitle = {18th International Software Product Line Conference, {SPLC} '14, Florence,
               Italy, September 15-19, 2014},
  pages     = {5--18},
  year      = {2014},
  crossref  = {DBLP:conf/splc/2014},
  url       = {http://doi.acm.org/10.1145/2648511.2648513},
  doi       = {10.1145/2648511.2648513},
  timestamp = {Wed, 08 Jul 2015 14:17:54 +0200},
  biburl    = {http://dblp.uni-trier.de/rec/bib/conf/splc/HarmanJKLPZ14},
  bibsource = {dblp computer science bibliography, http://dblp.org}
}

@article{Hooker:1988,
 author = {Hooker, J. N.},
 title = {Generalized Resolution and Cutting Planes},
 journal = {Ann. Oper. Res.},
 issue_date = {Feb. 1988},
 volume = {12},
 number = {1-4},
 month = feb,
 year = {1988},
 issn = {0254-5330},
 pages = {217--239},
 numpages = {23},
 url = {http://dx.doi.org/10.1007/BF02186368},
 doi = {10.1007/BF02186368},
 acmid = {72046},
 publisher = {J. C. Baltzer AG, Science Publishers},
 address = {Red Bank, NJ, USA},
}

@article{DBLP:journals/cor/BlairJL86,
  author    = {Charles E. Blair and
               Robert G. Jeroslow and
               James K. Lowe},
  title     = {Some results and experiments in programming techniques for propositional
               logic},
  journal   = {Computers {\&} {OR}},
  volume    = {13},
  number    = {5},
  pages     = {633--645},
  year      = {1986},
  url       = {http://dx.doi.org/10.1016/0305-0548(86)90056-0},
  doi       = {10.1016/0305-0548(86)90056-0},
  timestamp = {Wed, 29 Mar 2006 13:42:55 +0200},
  biburl    = {http://dblp.uni-trier.de/rec/bib/journals/cor/BlairJL86},
  bibsource = {dblp computer science bibliography, http://dblp.org}
}

@article{ruzika2005approximation,
  title={Approximation methods in multiobjective programming},
  author={Ruzika, Stefan and Wiecek, Margaret M},
  journal={Journal of optimization theory and applications},
  volume={126},
  number={3},
  pages={473--501},
  year={2005},
  publisher={Springer}
}

@book{deb2001,
  title={Multi-objective optimization using evolutionary algorithms},
  author={Deb, Kalyanmoy},
  volume={16},
  year={2001},
  publisher={John Wiley \& Sons}
}

@article{messac2004normal,
  title={Normal constraint method with guarantee of even representation of complete Pareto frontier},
  author={Messac, Achille and Mattson, Christopher A},
  journal={AIAA journal},
  volume={42},
  number={10},
  pages={2101--2111},
  year={2004}
}

@article{das1998normal,
  title={Normal-boundary intersection: A new method for generating the Pareto surface in nonlinear multicriteria optimization problems},
  author={Das, Indraneel and Dennis, John E},
  journal={SIAM Journal on Optimization},
  volume={8},
  number={3},
  pages={631--657},
  year={1998},
  publisher={SIAM}
}

@article{messac2003normalized,
  title={The normalized normal constraint method for generating the Pareto frontier},
  author={Messac, Achille and Ismail-Yahaya, Amir and Mattson, Christopher A},
  journal={Structural and multidisciplinary optimization},
  volume={25},
  number={2},
  pages={86--98},
  year={2003},
  publisher={Springer}
}

@article{koksalan2009multiobjective,
  title={Multiobjective combinatorial optimization: some approaches},
  author={K{\"o}ksalan, Murat},
  journal={Journal of Multi-Criteria Decision Analysis},
  volume={15},
  number={3-4},
  pages={69--78},
  year={2009},
  publisher={Wiley Online Library}
}

@inproceedings{DBLP:conf/issta/YooH07,
  author    = {Shin Yoo and
               Mark Harman},
  title     = {Pareto efficient multi-objective test case selection},
  booktitle = {Proceedings of the {ACM/SIGSOFT} International Symposium on Software
               Testing and Analysis, {ISSTA} 2007, London, UK, July 9-12, 2007},
  pages     = {140--150},
  year      = {2007},
  crossref  = {DBLP:conf/issta/2007},
  url       = {http://doi.acm.org/10.1145/1273463.1273483},
  doi       = {10.1145/1273463.1273483},
  timestamp = {Fri, 03 Feb 2017 11:56:46 +0100},
  biburl    = {http://dblp.uni-trier.de/rec/bib/conf/issta/YooH07},
  bibsource = {dblp computer science bibliography, http://dblp.org}
}

@article{DBLP:journals/tse/MarchettoIASS16,
  author    = {Alessandro Marchetto and
               Md. Mahfuzul Islam and
               M. Waseem Asghar and
               Angelo Susi and
               Giuseppe Scanniello},
  title     = {A Multi-Objective Technique to Prioritize Test Cases},
  journal   = {{IEEE} Trans. Software Eng.},
  volume    = {42},
  number    = {10},
  pages     = {918--940},
  year      = {2016},
  url       = {http://dx.doi.org/10.1109/TSE.2015.2510633},
  doi       = {10.1109/TSE.2015.2510633},
  timestamp = {Thu, 20 Oct 2016 18:59:40 +0200},
  biburl    = {http://dblp.uni-trier.de/rec/bib/journals/tse/MarchettoIASS16},
  bibsource = {dblp computer science bibliography, http://dblp.org}
}

@article{DBLP:journals/ese/MkaouerKCHD17,
  author    = {Mohamed Wiem Mkaouer and
               Marouane Kessentini and
               Mel {\'{O}} Cinn{\'{e}}ide and
               Shinpei Hayashi and
               Kalyanmoy Deb},
  title     = {A robust multi-objective approach to balance severity and importance
               of refactoring opportunities},
  journal   = {Empirical Software Engineering},
  volume    = {22},
  number    = {2},
  pages     = {894--927},
  year      = {2017},
  url       = {http://dx.doi.org/10.1007/s10664-016-9426-8},
  doi       = {10.1007/s10664-016-9426-8},
  timestamp = {Tue, 25 Apr 2017 17:20:24 +0200},
  biburl    = {http://dblp.uni-trier.de/rec/bib/journals/ese/MkaouerKCHD17},
  bibsource = {dblp computer science bibliography, http://dblp.org}
}

@article{DBLP:journals/tosem/HieronsLLSZ16,
  author    = {Robert M. Hierons and
               Miqing Li and
               Xiaohui Liu and
               Sergio Segura and
               Wei Zheng},
  title     = {{SIP:} Optimal Product Selection from Feature Models Using Many-Objective
               Evolutionary Optimization},
  journal   = {{ACM} Trans. Softw. Eng. Methodol.},
  volume    = {25},
  number    = {2},
  pages     = {17:1--17:39},
  year      = {2016},
  url       = {http://doi.acm.org/10.1145/2897760},
  doi       = {10.1145/2897760},
  timestamp = {Tue, 03 Jan 2017 15:18:20 +0100},
  biburl    = {http://dblp.uni-trier.de/rec/bib/journals/tosem/HieronsLLSZ16},
  bibsource = {dblp computer science bibliography, http://dblp.org}
}

@inproceedings{DBLP:conf/icse/HenardPHT15,
  author    = {Christopher Henard and
               Mike Papadakis and
               Mark Harman and
               Yves Le Traon},
  title     = {Combining Multi-Objective Search and Constraint Solving for Configuring
               Large Software Product Lines},
  booktitle = {37th {IEEE/ACM} International Conference on Software Engineering,
               {ICSE} 2015, Florence, Italy, May 16-24, 2015, Volume 1},
  pages     = {517--528},
  year      = {2015},
  crossref  = {DBLP:conf/icse/2015-1},
  url       = {http://dx.doi.org/10.1109/ICSE.2015.69},
  doi       = {10.1109/ICSE.2015.69},
  timestamp = {Tue, 03 May 2016 15:49:23 +0200},
  biburl    = {http://dblp.uni-trier.de/rec/bib/conf/icse/HenardPHT15},
  bibsource = {dblp computer science bibliography, http://dblp.org}
}

@article{DBLP:journals/asc/XueZT0CC016,
  author    = {Yinxing Xue and
               Jinghui Zhong and
               Tian Huat Tan and
               Yang Liu and
               Wentong Cai and
               Manman Chen and
               Jun Sun},
  title     = {{IBED:} Combining {IBEA} and {DE} for optimal feature selection in
               software product line engineering},
  journal   = {Appl. Soft Comput.},
  volume    = {49},
  pages     = {1215--1231},
  year      = {2016},
  url       = {http://dx.doi.org/10.1016/j.asoc.2016.07.040},
  doi       = {10.1016/j.asoc.2016.07.040},
  timestamp = {Thu, 01 Dec 2016 09:01:41 +0100},
  biburl    = {http://dblp.uni-trier.de/rec/bib/journals/asc/XueZT0CC016},
  bibsource = {dblp computer science bibliography, http://dblp.org}
}

@article{DBLP:journals/csur/HarmanMZ12,
  author    = {Mark Harman and
               S. Afshin Mansouri and
               Yuanyuan Zhang},
  title     = {Search-based software engineering: Trends, techniques and applications},
  journal   = {{ACM} Comput. Surv.},
  volume    = {45},
  number    = {1},
  pages     = {11:1--11:61},
  year      = {2012},
  url       = {http://doi.acm.org/10.1145/2379776.2379787},
  doi       = {10.1145/2379776.2379787},
  timestamp = {Mon, 09 Jan 2017 15:02:21 +0100},
  biburl    = {http://dblp.uni-trier.de/rec/bib/journals/csur/HarmanMZ12},
  bibsource = {dblp computer science bibliography, http://dblp.org}
}

@inproceedings{DBLP:conf/icse/FerrucciHRS13,
  author    = {Filomena Ferrucci and
               Mark Harman and
               Jian Ren and
               Federica Sarro},
  title     = {Not going to take this anymore: multi-objective overtime planning
               for software engineering projects},
  booktitle = {35th International Conference on Software Engineering, {ICSE} '13,
               San Francisco, CA, USA, May 18-26, 2013},
  pages     = {462--471},
  year      = {2013},
  crossref  = {DBLP:conf/icse/2013},
  url       = {http://dx.doi.org/10.1109/ICSE.2013.6606592},
  doi       = {10.1109/ICSE.2013.6606592},
  timestamp = {Tue, 03 May 2016 16:26:31 +0200},
  biburl    = {http://dblp.uni-trier.de/rec/bib/conf/icse/FerrucciHRS13},
  bibsource = {dblp computer science bibliography, http://dblp.org}
}

@inproceedings{DBLP:conf/icse/SarroPH16,
  author    = {Federica Sarro and
               Alessio Petrozziello and
               Mark Harman},
  title     = {Multi-objective software effort estimation},
  booktitle = {Proceedings of the 38th International Conference on Software Engineering,
               {ICSE} 2016, Austin, TX, USA, May 14-22, 2016},
  pages     = {619--630},
  year      = {2016},
  crossref  = {DBLP:conf/icse/2016},
  url       = {http://doi.acm.org/10.1145/2884781.2884830},
  doi       = {10.1145/2884781.2884830},
  timestamp = {Sun, 30 Apr 2017 09:41:43 +0200},
  biburl    = {http://dblp.uni-trier.de/rec/bib/conf/icse/SarroPH16},
  bibsource = {dblp computer science bibliography, http://dblp.org}
}

@inproceedings{DBLP:conf/splc/Broek10,
  author    = {Pim van den Broek},
  title     = {Optimization of Product Instantiation using Integer Programming},
  booktitle = {Software Product Lines - 14th International Conference, {SPLC} 2010,
               Jeju Island, South Korea, September 13-17, 2010. Workshop Proceedings
               (Volume 2 : Workshops, Industrial Track, Doctoral Symposium, Demonstrations
               and Tools)},
  pages     = {107--112},
  year      = {2010},
  crossref  = {DBLP:conf/splc/2010w},
  url       = {http://splc2010.postech.ac.kr/SPLC2010_second_volume.pdf},
  timestamp = {Wed, 30 Mar 2016 18:10:17 +0200},
  biburl    = {http://dblp2.uni-trier.de/rec/bib/conf/splc/Broek10},
  bibsource = {dblp computer science bibliography, http://dblp.org}
}

@article{DBLP:journals/software/RuheS05,
  author    = {G{\"{u}}nther Ruhe and
               Moshood Omolade Saliu},
  title     = {The Art and Science of Software Release Planning},
  journal   = {{IEEE} Software},
  volume    = {22},
  number    = {6},
  pages     = {47--53},
  year      = {2005},
  url       = {http://dx.doi.org/10.1109/MS.2005.164},
  doi       = {10.1109/MS.2005.164},
  timestamp = {Tue, 12 Jan 2016 12:01:55 +0100},
  biburl    = {http://dblp.uni-trier.de/rec/bib/journals/software/RuheS05},
  bibsource = {dblp computer science bibliography, http://dblp.org}
}

@article{DBLP:journals/re/Carlshamre02,
  author    = {P{\"{a}}r Carlshamre},
  title     = {Release Planning in Market-Driven Software Product Development: Provoking
               an Understanding},
  journal   = {Requir. Eng.},
  volume    = {7},
  number    = {3},
  pages     = {139--151},
  year      = {2002},
  url       = {http://dx.doi.org/10.1007/s007660200010},
  doi       = {10.1007/s007660200010},
  timestamp = {Fri, 03 Jun 2011 16:03:38 +0200},
  biburl    = {http://dblp.uni-trier.de/rec/bib/journals/re/Carlshamre02},
  bibsource = {dblp computer science bibliography, http://dblp.org}
}

@inproceedings{DBLP:conf/refsq/LiABD07,
  author    = {C. Li and
               J. M. van den Akker and
               Sjaak Brinkkemper and
               Guido Diepen},
  title     = {Integrated Requirement Selection and Scheduling for the Release Planning
               of a Software Product},
  booktitle = {Requirements Engineering: Foundation for Software Quality, 13th International
               Working Conference, {REFSQ} 2007, Trondheim, Norway, June 11-12, 2007,
               Proceedings},
  pages     = {93--108},
  year      = {2007},
  crossref  = {DBLP:conf/refsq/2007},
  %url       = {http://dx.doi.org/10.1007/978-3-540-73031-6_7},
  %doi       = {10.1007/978-3-540-73031-6_7},
  timestamp = {Tue, 03 Jul 2007 10:18:40 +0200},
  biburl    = {http://dblp.uni-trier.de/rec/bib/conf/refsq/LiABD07},
  bibsource = {dblp computer science bibliography, http://dblp.org}
}

@inproceedings{DBLP:conf/caise/AkkerBDV05,
  author    = {Marjan van den Akker and
               Sjaak Brinkkemper and
               Guido Diepen and
               Johan Versendaal},
  title     = {Determination of the Next Release of a Software Product: an Approach
               using Integer Linear Programming},
  booktitle = {The 17th Conference on Advanced Information Systems Engineering (CAiSE
               '05), Porto, Portugal, 13-17 June, 2005, CAiSE Forum, Short Paper
               Proceedings},
  year      = {2005},
  crossref  = {DBLP:conf/caise/2005fo},
  url       = {http://ceur-ws.org/Vol-161/FORUM_20.pdf},
  timestamp = {Thu, 23 Jun 2016 15:53:29 +0200},
  biburl    = {http://dblp.uni-trier.de/rec/bib/conf/caise/AkkerBDV05},
  bibsource = {dblp computer science bibliography, http://dblp.org}
}


@inproceedings{DBLP:conf/splc/Batory05,
  author    = {Don S. Batory},
  title     = {Feature Models, Grammars, and Propositional Formulas},
  booktitle = {Software Product Lines, 9th International Conference, {SPLC} 2005,
               Rennes, France, September 26-29, 2005, Proceedings},
  pages     = {7--20},
  year      = {2005},
  crossref  = {DBLP:conf/splc/2005},
  %url       = {http://dx.doi.org/10.1007/11554844_3},
  doi       = {10.1007/11554844_3},
  timestamp = {Tue, 04 Oct 2005 09:41:39 +0200},
  biburl    = {http://dblp.uni-trier.de/rec/bib/conf/splc/Batory05},
  bibsource = {dblp computer science bibliography, http://dblp.org}
}

@article{DBLP:journals/misq/Abdel-HamidSS99,
  author    = {Tarek K. Abdel{-}Hamid and
               Kishore Sengupta and
               Clint Swett},
  title     = {The Impact of Goals On Software Project Management: An Experimental
               Investigation},
  journal   = {{MIS} Quarterly},
  volume    = {23},
  number    = {4},
  pages     = {531--555},
  year      = {1999},
  %url       = {http://misq.org/the-impact-of-goals-on-software-project-management-an-experimental-investigation.html},
  %timestamp = {Thu, 10 Feb 2011 16:13:43 +0100},
  %biburl    = {http://dblp.uni-trier.de/rec/bib/journals/misq/Abdel-HamidSS99},
  %bibsource = {dblp computer science bibliography, http://dblp.org}
}

@inproceedings{mopsurvey2008,
  author    = {Hisao Ishibuchi and
               Noritaka Tsukamoto and
               Yusuke Nojima},
  title     = {{Evolutionary Many-Objective Optimization: {A} Short Review}},
  booktitle = {{CEC}},
  pages     = {2419--2426},
  year      = {2008}
}

@article{DBLP:journals/eor/OzlenA09,
  author    = {Melih {\"{O}}zlen and
               Meral Azizoglu},
  title     = {Multi-objective integer programming: {A} general approach for generating
               all non-dominated solutions},
  journal   = {European Journal of Operational Research},
  volume    = {199},
  number    = {1},
  pages     = {25--35},
  year      = {2009},
  url       = {http://dx.doi.org/10.1016/j.ejor.2008.10.023},
  doi       = {10.1016/j.ejor.2008.10.023},
  timestamp = {Wed, 17 Jun 2009 13:59:57 +0200},
  biburl    = {http://dblp.dagstuhl.de/rec/bib/journals/eor/OzlenA09},
  bibsource = {dblp computer science bibliography, http://dblp.org}
}

@ARTICLE{e-constraint,
 author    = {Yacov Y. Haimes and Leon S. Lasdon and  David A. Wismer},
journal={IEEE Transactions on Systems, Man, and Cybernetics},
title={On a Bicriterion Formulation of the Problems of Integrated System Identification and System Optimization},
year={1971},
volume={SMC-1},
number={3},
pages={296-297},
keywords={Constraint optimization;Constraint theory;Large-scale systems;Mathematical model;Mathematical programming;Matrices;Parameter estimation;Process design;Process planning;System identification},
doi={10.1109/TSMC.1971.4308298},
ISSN={0018-9472},
month={July},}

@article{DBLP:journals/ior/Smith84,
  author    = {Robert L. Smith},
  title     = {Efficient Monte Carlo Procedures for Generating Points Uniformly Distributed
               over Bounded Regions},
  journal   = {Operations Research},
  volume    = {32},
  number    = {6},
  pages     = {1296--1308},
  year      = {1984},
  url       = {http://dx.doi.org/10.1287/opre.32.6.1296},
  doi       = {10.1287/opre.32.6.1296},
  timestamp = {Sat, 23 Apr 2016 13:31:20 +0200},
  biburl    = {http://dblp2.uni-trier.de/rec/bib/journals/ior/Smith84},
  bibsource = {dblp computer science bibliography, http://dblp.org}
}

@article{normalCons,
    author = {Achille Messac and Christopher A. Mattson},
    doi = {10.2514/1.8977},
    journal = {AIAA Journal},
    keywords = {multiobjective, optimization},
    month = oct,
    pages = {2101--2111},
    posted-at = {2011-09-30 16:43:11},
    priority = {2},
    title = {{Normal Constraint Method with Guarantee of Even Representation of Complete Pareto Frontier}},
    url = {http://dx.doi.org/10.2514/1.8977},
    volume = {42},
    year = {2004}
}


@article{DBLP:journals/fgcs/Garcia-GalanTRC16,
  author    = {Jes{\'{u}}s Garc{\'{\i}}a{-}Gal{\'{a}}n and
               Pablo Trinidad and
               Omer F. Rana and
               Antonio Ruiz Cort{\'{e}}s},
  title     = {Automated configuration support for infrastructure migration to the
               cloud},
  journal   = {Future Generation Comp. Syst.},
  volume    = {55},
  pages     = {200--212},
  year      = {2016},
  %url       = {http://dx.doi.org/10.1016/j.future.2015.03.006},
  %doi       = {10.1016/j.future.2015.03.006},
  timestamp = {Thu, 31 Mar 2016 15:45:34 +0200},
  biburl    = {http://dblp.uni-trier.de/rec/bib/journals/fgcs/Garcia-GalanTRC16},
  bibsource = {dblp computer science bibliography, http://dblp.org}
}

@Article{Sanchez2015,
author="S{\'a}nchez, Ana B.
and Segura, Sergio
and Parejo, Jos{\'e} A.
and Ruiz-Cort{\'e}s, Antonio",
title="Variability testing in the wild: the Drupal case study",
journal="Software \& Systems Modeling",
year="2015",
pages="1--22",

issn="1619-1374",
doi="10.1007/s10270-015-0459-z",
url="http://dx.doi.org/10.1007/s10270-015-0459-z"
}

@TECHREPORT{Zitzler01spea2:improving,
    author = {Eckart Zitzler and Marco Laumanns and Lothar Thiele},
    title = {SPEA2: Improving the Strength Pareto Evolutionary Algorithm},
    institution = {Swiss Federal Institute of Technology (ETH) Zurich},
    year = {2001}
}


@Misc{CPLEX,
  key = 	 {CPLEX Optimizer},
  author = 	 {IBM},
  note = 	 {https://www-01.ibm.com/software/commerce/optimization/cplex-optimizer/}
}

@Misc{ourtool,
  key = 	 {Scalable IP-method: \ourSol},
  author = 	 {Anonymous},
  note = 	 {\url{https://sites.google.com/view/ip-method-repsol}}
}

@article{DBLP:journals/ec/LaumannsTDZ02,
  author    = {Marco Laumanns and
               Lothar Thiele and
               Kalyanmoy Deb and
               Eckart Zitzler},
  title     = {Combining Convergence and Diversity in Evolutionary Multiobjective
               Optimization},
  journal   = {Evolutionary Computation},
  volume    = {10},
  number    = {3},
  pages     = {263--282},
  year      = {2002},
  url       = {http://dx.doi.org/10.1162/106365602760234108},
  doi       = {10.1162/106365602760234108},
  timestamp = {Mon, 28 Nov 2011 17:11:16 +0100},
  biburl    = {http://dblp.uni-trier.de/rec/bib/journals/ec/LaumannsTDZ02},
  bibsource = {dblp computer science bibliography, http://dblp.org}
}
